<record xmlns:xsi="http://www.w3.org/2001/XMLSchema-instance" xmlns="http://www.loc.gov/MARC21/slim" xsi:schemaLocation="http://www.loc.gov/MARC21/slim http://www.loc.gov/standards/marcxml/schema/MARC21slim.xsd">

  <leader>01259nab a2200169   4500</leader>
  <controlfield tag="005">20160317163348.0</controlfield>
  <controlfield tag="008">150702b2001    cr f|||| |||| 00| 0 spa d</controlfield>
  <datafield ind1=" " ind2=" " tag="090">
    <subfield code="a">REVIS 06.02.01</subfield>
  </datafield>
  <datafield ind1="1" ind2=" " tag="100">
    <subfield code="9">255</subfield>
    <subfield code="a">Chaves Salas, Ana Lupita</subfield>
  </datafield>
  <datafield ind1="1" ind2="0" tag="245">
    <subfield code="a">Implicaciones educativas de la teoría sociocultural de Vigotsky /</subfield>
    <subfield code="c">Ana Lupita Chaves Salas</subfield>
  </datafield>
  <datafield tag="260" ind2=" " ind1=" ">
    <subfield code="a">San José, Costa Rica :</subfield>
    <subfield code="b">Editorial Universidad de Costa Rica,</subfield>
    <subfield code="c">2001</subfield>
  </datafield>
  <datafield ind1=" " ind2=" " tag="300">
    <subfield code="a">páginas 59-65</subfield>
  </datafield>
  <datafield ind1=" " ind2=" " tag="520">
    <subfield code="a">El propósito de este artículo es analizar la teoría sociocultural del Lev Vigotsky y reflexionar sobre las implicaciones educativas de dicha teoría en los procesos de enseñanza y aprendizaje que se organizan en la escuela. Con base en los postulados de Vigostsky, se invita a las docentes y los docentes a repensar su práctica pedagógica y a promover cambios en su labor profesional con el fin de ofrecer una educacón más contextualizada y significativa que ayude a formar personas críticas y creativas que contribuyan  a construir una sociedad más democrática y solidaria</subfield>
  </datafield>
  <datafield ind1="1" ind2="4" tag="650">
    <subfield code="9">1</subfield>
    <subfield code="a">EDUCACIÓN</subfield>
  </datafield>
  <datafield tag="773" ind2=" " ind1="0">
    <subfield code="d">San José, Costa Rica : Editorial de la Universidad de Costa Rica, 1997-</subfield>
    <subfield code="o">R0189</subfield>
    <subfield code="t">EDUCACIÓN: Revista de la Universidad de Costa Rica</subfield>
    <subfield code="g">Vol.25, no.2  (2001)</subfield>
  </datafield>
  <datafield ind1=" " ind2=" " tag="942">
    <subfield code="2">z</subfield>
    <subfield code="c">10</subfield>
  </datafield>
  <datafield tag="999" ind1=" " ind2=" ">
    <subfield code="c">2729</subfield>
    <subfield code="d">2729</subfield>
  </datafield>
</record>